<record><leader>00000cas a22000007a 4500</leader><controlfield tag="001">11731221</controlfield><controlfield tag="008">850225d1905190uutuwr ne      0    0eng d</controlfield><datafield ind1=" " ind2=" " tag="010"><subfield code="a">sn 85058021 </subfield></datafield><datafield ind1=" " ind2=" " tag="040"><subfield code="a">UNP</subfield><subfield code="b">eng</subfield><subfield code="c">UNP</subfield><subfield code="d">OCLCQ</subfield></datafield><datafield ind1=" " ind2=" " tag="042"><subfield code="a">msc</subfield></datafield><datafield ind1="0" ind2="4" tag="245"><subfield code="a">The Alta independent.</subfield></datafield><datafield ind1=" " ind2=" " tag="260"><subfield code="a">Alta City, Utah :</subfield><subfield code="b">Independent Pub. Co.</subfield></datafield><datafield ind1=" " ind2=" " tag="300"><subfield code="a">v.</subfield></datafield><datafield ind1=" " ind2=" " tag="310"><subfield code="a">Weekly</subfield></datafield><datafield ind1="1" ind2=" " tag="362"><subfield code="a">Began in 1905.</subfield></datafield><datafield ind1=" " ind2=" " tag="588"><subfield code="a">Description based on: Vol. 10, no. 4 (Aug. 30, 1905).</subfield></datafield><datafield ind1=" " ind2=" " tag="752"><subfield code="a">United States</subfield><subfield code="b">Utah</subfield><subfield code="c">Salt Lake</subfield><subfield code="d">Alta.</subfield></datafield><datafield ind1="0" ind2="0" tag="780"><subfield code="t">Utah pioneer</subfield><subfield code="w">(DLC)sn 85058019</subfield><subfield code="w">(OCoLC)11731266</subfield></datafield></record>